@online{NIPA,
  author       = {{Bureau of Economic Analysis (BEA)}},
  title        = {National Income and Product Accounts Tables},
  year         = 2023,
  url          = {https://www.bea.gov/itable/},
  organization = {U.S. Department of Commerce},
  urldate      = {2023-11-06},
}

@online{CensusPopEstimates,
  author       = {{United States Census Bureau}},
  title        = {Census Population Estimates},
  year         = 2023,
  url          = {https://www.census.gov/programs-surveys/popest.html},
  organization = {U.S. Department of Commerce},
  urldate      = {2023-11-06},
}

@online{CensusPopProjections,
  author       = {{United States Census Bureau}},
  title        = {Census Population Projections},
  year         = 2023,
  url          = {https://www.census.gov/programs-surveys/popproj.html},
  organization = {U.S. Department of Commerce},
  urldate      = {2023-11-06},
}

@online{CPS,
  author       = {{United States Census Bureau}},
  title        = {Current Population Survey Public Use Microdata},
  year         = 2023,
  url          = {https://www.census.gov/programs-surveys/cps.html},
  organization = {U.S. Census Bureau},
  urldate      = {2023-11-06},
}

@online{ProductivityCostsBLS,
  author       = {{Bureau of Labor Statistics (BLS)}},
  title        = {Productivity and Costs},
  year         = 2023,
  url          = {https://www.bls.gov/lpc/},
  organization = {U.S. Department of Labor},
  urldate      = {2023-11-06},
}

@online{GDPNow,
  author       = {{Federal Reserve Bank of Atlanta}},
  title        = {GDPNow},
  year         = 2023,
  url          = {https://www.atlantafed.org/cqer/research/gdpnow},
  organization = {Federal Reserve Bank of Atlanta},
  urldate      = {2023-11-06},
}

@online{NBERRecession,
  author       = {{National Bureau of Economic Research}},
  title        = {US Business Cycle Expansions and Contractions},
  year         = 2023,
  url          = {https://www.nber.org/research/data/us-business-cycle-expansions-and-contractions},
  organization = {National Bureau of Economic Research},
  urldate      = {2023-11-06},
}

@online{CES,
  author       = {{Bureau of Labor Statistics (BLS)}},
  title        = {Current Employment Statistics},
  year         = 2023,
  url          = {https://www.bls.gov/ces/},
  organization = {U.S. Department of Labor},
  urldate      = {2023-11-06},
}

@online{GDPbyState,
  author       = {{Bureau of Economic Analysis (BEA)}},
  title        = {Gross Domestic Product by State},
  year         = 2023,
  url          = {https://www.bea.gov/data/gdp/gdp-state},
  organization = {U.S. Department of Commerce},
  urldate      = {2023-11-06},
}

@online{GDPbyIndustry,
  author       = {{Bureau of Economic Analysis (BEA)}},
  title        = {Gross Domestic Product by Industry},
  year         = 2023,
  url          = {https://www.bea.gov/data/gdp/gdp-industry},
  organization = {U.S. Department of Commerce},
  urldate      = {2023-11-06},
}

@online{FRBZ1,
  author       = {{Federal Reserve Board}},
  title        = {Financial Accounts of the United States (Z.1)},
  year         = 2023,
  url          = {https://www.federalreserve.gov/releases/z1/},
  organization = {Federal Reserve Board},
  urldate      = {2023-11-06},
}@online{ConstructionSpending,
  author       = {{United States Census Bureau}},
  title        = {Construction Spending Report},
  year         = 2023,
  url          = {https://www.census.gov/construction/c30/c30index.html},
  organization = {U.S. Department of Commerce},
  urldate      = {2023-11-06},
}

@online{HousingVacancies,
  author       = {{United States Census Bureau}},
  title        = {Housing Vacancies and Homeownership},
  year         = 2023,
  url          = {https://www.census.gov/housing/hvs/index.html},
  organization = {U.S. Department of Commerce},
  urldate      = {2023-11-06},
}

@online{NCHSLifeExpectancy,
  author       = {{National Center for Health Statistics}},
  title        = {Life Expectancy},
  year         = 2023,
  url          = {https://www.cdc.gov/nchs/products/life_tables.htm},
  organization = {Centers for Disease Control and Prevention},
  urldate      = {2023-11-06},
}

@online{ConsumerExpenditureSurvey,
  author       = {{Bureau of Labor Statistics (BLS)}},
  title        = {Consumer Expenditure Survey},
  year         = 2023,
  url          = {https://www.bls.gov/cex/},
  organization = {U.S. Department of Labor},
  urldate      = {2023-11-06},
}

@online{PersonalIncomeOutlays,
  author       = {{Bureau of Economic Analysis (BEA)}},
  title        = {Personal Income and Outlays Report},
  year         = 2023,
  url          = {https://www.bea.gov/data/income-saving/personal-income},
  organization = {U.S. Department of Commerce},
  urldate      = {2023-11-06},
}@online{CensusASEC,
  author       = {{United States Census Bureau}},
  title        = {Current Population Survey Annual Social and Economic Supplement},
  year         = 2023,
  url          = {https://www.census.gov/programs-surveys/cps.html},
  organization = {U.S. Census Bureau},
  urldate      = {2023-11-06},
}

@online{ACS,
  author       = {{United States Census Bureau}},
  title        = {American Community Survey},
  year         = 2023,
  url          = {https://www.census.gov/programs-surveys/acs},
  organization = {U.S. Department of Commerce},
  urldate      = {2023-11-06},
}

@online{UMichConsumerSentiment,
  author       = {{University of Michigan}},
  title        = {Survey of Consumers},
  year         = 2023,
  url          = {http://www.sca.isr.umich.edu/},
  organization = {University of Michigan},
  urldate      = {2023-11-06},
}

@online{FRBNYConsumerCreditPanel,
  author       = {{Federal Reserve Bank of New York}},
  title        = {Consumer Credit Panel},
  year         = 2023,
  url          = {https://www.newyorkfed.org/microeconomics/ccp.html},
  organization = {Federal Reserve Bank of New York},
  urldate      = {2023-11-06},
}

@online{FedG19,
  author       = {{Federal Reserve Board}},
  title        = {Consumer Credit - G.19},
  year         = 2023,
  url          = {https://www.federalreserve.gov/releases/g19/},
  organization = {Federal Reserve Board},
  urldate      = {2023-11-06},
}@online{FRBFinancialObligations,
  author       = {{Federal Reserve Board}},
  title        = {Financial Obligations and Debt Service Ratio},
  year         = 2023,
  url          = {https://www.federalreserve.gov/releases/housedebt/},
  organization = {Federal Reserve Board},
  urldate      = {2023-11-06},
}

@online{SCF,
  author       = {{Board of Governors of the Federal Reserve System}},
  title        = {Survey of Consumer Finances},
  year         = 2023,
  url          = {https://www.federalreserve.gov/econres/scfindex.htm},
  organization = {Federal Reserve Board},
  urldate      = {2023-11-06},
}

@online{FedDFA,
  author       = {{Board of Governors of the Federal Reserve System}},
  title        = {Distributional Financial Accounts},
  year         = 2023,
  url          = {https://www.federalreserve.gov/releases/z1/dataviz/dfa/},
  organization = {Federal Reserve Board},
  urldate      = {2023-11-06},
}

@online{CensusBuildingPermits,
  author       = {{United States Census Bureau}},
  title        = {Building Permits Survey},
  year         = 2023,
  url          = {https://www.census.gov/construction/bps/},
  organization = {U.S. Department of Commerce},
  urldate      = {2023-11-06},
}

@online{CensusNewResidentialSales,
  author       = {{United States Census Bureau}},
  title        = {New Residential Home Sales},
  year         = 2023,
  url          = {https://www.census.gov/construction/nrs/},
  organization = {U.S. Department of Commerce},
  urldate      = {2023-11-06},
}


@online{FRBAtlantaHomeownership,
  author       = {{Federal Reserve Bank of Atlanta}},
  title        = {Homeownership Affordability Monitor},
  year         = {2023},
  url          = {https://www.atlantafed.org/community-and-economic-development/data-and-tools/homeownership-affordability-monitor},
  organization = {Federal Reserve Bank of Atlanta},
  urldate      = {2023-04-01},
}

@online{FHFAHousingPriceIndex,
  author       = {{Federal Housing Finance Agency}},
  title        = {Housing Price Index},
  year         = {2023},
  url          = {https://www.fhfa.gov/DataTools/Downloads/Pages/House-Price-Index.aspx},
  organization = {Federal Housing Finance Agency},
  urldate      = {2023-04-01},
}

@online{CensusManufacturersNewOrders,
  author       = {{U.S. Census Bureau}},
  title        = {Manufacturers' New Orders: Durable Goods},
  year         = {2023},
  url          = {https://www.census.gov/manufacturing/m3/},
  organization = {U.S. Census Bureau},
  urldate      = {2023-04-01},
}

@online{BEACorporateProfits,
  author       = {{Bureau of Economic Analysis (BEA)}},
  title        = {Corporate Profits},
  year         = {2023},
  url          = {https://www.bea.gov/data/income-saving/corporate-profits},
  organization = {U.S. Department of Commerce},
  urldate      = {2023-04-01},
}

@online{FederalReserveG17,
  author       = {{Board of Governors of the Federal Reserve System}},
  title        = {Industrial Production and Capacity Utilization - G.17},
  year         = {2023},
  url          = {https://www.federalreserve.gov/releases/g17/},
  organization = {Board of Governors of the Federal Reserve System},
  urldate      = {2023-04-01},
}

@online{EIAOilProduction,
  author       = {{U.S. Energy Information Administration}},
  title        = {Crude Oil Production},
  year         = {2023},
  url          = {https://www.eia.gov/petroleum/production/},
  organization = {U.S. Energy Information Administration},
  urldate      = {2023-04-01},
}

@online{EIAElectricityProduction,
  author       = {{U.S. Energy Information Administration}},
  title        = {Electric Power Monthly},
  year         = {2023},
  url          = {https://www.eia.gov/electricity/monthly/},
  organization = {U.S. Energy Information Administration},
  urldate      = {2023-04-01},
}

@online{EIARetailSalesReport,
  author       = {{U.S. Census Bureau}},
  title        = {Monthly Retail Trade},
  year         = {2023},
  url          = {https://www.census.gov/retail/index.html},
  organization = {U.S. Census Bureau},
  urldate      = {2023-04-01},
}

@online{TreasuryMonthlyStatement,
  author       = {{U.S. Department of the Treasury}},
  title        = {Monthly Treasury Statement},
  year         = {2023},
  url          = {https://fiscal.treasury.gov/reports-statements/mts/},
  organization = {U.S. Department of the Treasury},
  urldate      = {2023-04-01},
}

@online{OMBOutlaysByType,
  author       = {{Office of Management and Budget}},
  title        = {Historical Tables},
  year         = {2023},
  url          = {https://www.whitehouse.gov/omb/historical-tables/},
  organization = {Office of Management and Budget},
  urldate      = {2023-04-01},
}

@online{CMSMedicareReport,
  author       = {{Centers for Medicare and Medicaid Services}},
  title        = {Medicare Enrollment Reports},
  year         = {2023},
  url          = {https://www.cms.gov/research-statistics-data-systems/enrollment-data},
  organization = {Centers for Medicare and Medicaid Services},
  urldate      = {2023-04-01},
}

@online{CMSMedicaidReport,
  author       = {{Centers for Medicare and Medicaid Services}},
  title        = {Medicaid Enrollment Data Collected Through MBES},
  year         = {2023},
  url          = {https://www.medicaid.gov/medicaid/program-information/medicaid-enrollment-data/collected-through-mbes/index.html},
  organization = {Centers for Medicare and Medicaid Services},
  urldate      = {2023-04-01},
}

@online{SSABeneficiariesReport,
  author       = {{Social Security Administration}},
  title        = {Annual Statistical Supplement},
  year         = {2023},
  url          = {https://www.ssa.gov/policy/docs/statcomps/supplement/},
  organization = {Social Security Administration},
  urldate      = {2023-04-01},
}

@online{TreasuryPublicDebt,
  author       = {{U.S. Department of the Treasury}},
  title        = {The Debt to the Penny and Who Holds It},
  year         = {2023},
  url          = {https://fiscal.treasury.gov/reports-statements/debt-to-the-penny/},
  organization = {U.S. Department of the Treasury},
  urldate      = {2023-04-01},
}

@online{CensusInternationalTrade,
  author       = {{U.S. Census Bureau}},
  title        = {International Trade in Goods and Services},
  year         = {2023},
  url          = {https://www.census.gov/foreign-trade/index.html},
  organization = {U.S. Census Bureau},
  urldate      = {2023-04-01},
}

@online{BEAInternationalInvestment,
  author       = {{Bureau of Economic Analysis (BEA)}},
  title        = {International Investment Position},
  year         = {2023},
  url          = {https://www.bea.gov/data/intl-trade-investment/international-investment-position},
  organization = {U.S. Department of Commerce},
  urldate      = {2023-04-01},
}

@online{TreasuryTICReport,
  author       = {{U.S. Department of the Treasury}},
  title        = {Treasury International Capital (TIC) System},
  year         = {2023},
  url          = {https://www.treasury.gov/resource-center/data-chart-center/tic/Pages/index.aspx},
  organization = {U.S. Department of the Treasury},
  urldate      = {2023-04-01},
}

@online{FederalReserveExchangeRates,
  author       = {{Board of Governors of the Federal Reserve System}},
  title        = {Foreign Exchange Rates},
  year         = {2023},
  url          = {https://www.federalreserve.gov/releases/h10/},
  organization = {Board of Governors of the Federal Reserve System},
  urldate      = {2023-04-01},
}

@online{BISRealExchangeRate,
  author       = {{Bank for International Settlements}},
  title        = {Effective Exchange Rate Indices},
  year         = {2023},
  url          = {https://www.bis.org/statistics/eer.htm},
  organization = {Bank for International Settlements},
  urldate      = {2023-04-01},
}

@online{BLSEmploymentCostIndex,
  author       = {{Bureau of Labor Statistics (BLS)}},
  title        = {Employment Cost Index},
  year         = {2023},
  url          = {https://www.bls.gov/eci/},
  organization = {U.S. Department of Labor},
  urldate      = {2023-04-01},
}
